<?xml version="1.0" encoding="UTF-8"?><collection xmlns="http://www.loc.gov/MARC21/slim"><record><leader>00556nam--2200181-i-4500</leader><controlfield tag="001">000043550</controlfield><controlfield tag="002">20161230</controlfield><controlfield tag="005">20161230201044</controlfield><controlfield tag="008">060222s1000------------r-----000-0-fre-d</controlfield><datafield ind1=" " ind2=" " tag="040"><subfield code="a">IFIN-HH</subfield></datafield><datafield ind1=" " ind2=" " tag="041"><subfield code="a">fre</subfield></datafield><datafield ind1=" " ind2=" " tag="080"><subfield code="a">533.72(043)</subfield></datafield><datafield ind1="1" ind2=" " tag="100"><subfield code="a">Taine,Jean</subfield></datafield><datafield ind1="1" ind2="0" tag="245"><subfield code="a">Etude de la relaxatiion collisionnelle de vibration par la methode photoacoustique; application aux melanges gazeus co2-diatomique</subfield><subfield code="b">These</subfield><subfield code="c">Jean taine</subfield></datafield><datafield ind1=" " ind2=" " tag="260"><subfield code="a">Paris</subfield><subfield code="b">Universite De Paris-sud</subfield><subfield code="c">1980</subfield></datafield><datafield ind1=" " ind2=" " tag="300"><subfield code="a">212 P</subfield></datafield><datafield ind1=" " ind2=" " tag="852"><subfield code="a">49752</subfield><subfield code="c">533.7</subfield></datafield><datafield ind1=" " ind2=" " tag="CAT"><subfield code="a">Sys</subfield><subfield code="c">20110114</subfield><subfield code="h">092717</subfield></datafield></record></collection>